
@online{fh_gesundheitsberufe_oo_gmbh_institutionelles_2023,
	title = {Institutionelles Ethikboard},
	url = {https://www.fh-gesundheitsberufe.at/f-e/institutionelles-ethikboard/},
	abstract = {Studienprogramme speziell für Gesundheitsberufe in Oberösterreich},
	author = {{FH Gesundheitsberufe OÖ GmbH}},
	urldate = {2023-04-02},
	date = {2023},
	langid = {german},
}

@online{fh_gesundheitsberufe_oo_gmbh_einreichung_2023,
	title = {Einreichung beim Institutionellen Ethikboard},
	url = {https://www.fh-gesundheitsberufe.at/f-e/institutionelles-ethikboard/einreichung-institutionelles-ethikboard/},
	abstract = {Studienprogramme speziell für Gesundheitsberufe in Oberösterreich},
	author = {{FH Gesundheitsberufe OÖ GmbH}},
	urldate = {2023-04-02},
	date = {2023},
	langid = {german},
}

@online{ethikkommission_der_medizinischen_universitat_graz_download_2012,
	title = {Download / Antrag},
	url = {https://me001ned.edis.at/ethikkommission/Forum/Download/antrag.htm},
	author = {{Ethikkommission der Medizinischen Universität Graz}},
	urldate = {2023-04-01},
	date = {2012-10-15},
}

@online{ethikkommission_der_medizinischen_universitat_graz_forum_2019,
	title = {Forum Österreichischer Ethikkommissionen},
	url = {https://me001ned.edis.at/ethikkommission/Forum/},
	author = {{Ethikkommission der Medizinischen Universität Graz}},
	urldate = {2023-03-28},
	date = {2019-03-24},
}

@online{fachhochschule_vorarlberg_gmbh_nutzerzentrierte_2021,
	title = {Nutzerzentrierte Technologien},
	url = {https://www.fhv.at/forschung/nutzerzentrierte-technologien},
	author = {{Fachhochschule Vorarlberg GmbH}},
	urldate = {2023-02-28},
	date = {2021},
}

@online{fachhochschule_vorarlberg_gmbh_forschungsethik-kommission_2021,
	title = {Forschungsethik-Kommission: Analyse von Forschungstätigkeiten und deren ehtischer Grundsatzfragen},
	url = {https://www.fhv.at/forschung/forschungsethik-kommission/},
	author = {{Fachhochschule Vorarlberg GmbH}},
	urldate = {2023-02-21},
	date = {2021},
}

@online{fachhochschule_vorarlberg_gmbh_ethik_2019,
	title = {Ethik in der Wissenschaft},
	url = {https://www.fhv.at/nc/datensaetze/news-und-veranstaltungskategorien/aktuelles/?tx_news_pi1%5Bnews%5D=481},
	abstract = {Dreißig Forschende aus Hochschulen rund um den Bodensee beschäftigten sich anlässlich eines Workshops an der {FH} Vorarlberg mit Fragen zum Thema Ethik.},
	author = {{Fachhochschule Vorarlberg GmbH}},
	urldate = {2023-02-21},
	date = {2019-10-17},
}

@online{fachhochschule_vorarlberg_gmbh_forschung_2021,
	title = {Forschung},
	url = {https://www.fhv.at/forschung/},
	author = {{Fachhochschule Vorarlberg GmbH}},
	urldate = {2023-02-21},
	date = {2021},
}
